<?xml version="1.0" encoding="UTF-8"?><collection xmlns="http://www.loc.gov/MARC21/slim"><record><leader>00438nam--2200181-u-4500</leader><controlfield tag="001">000054751</controlfield><controlfield tag="002">20161230</controlfield><controlfield tag="005">20161230201051</controlfield><controlfield tag="008">120528s1000------------r-----000-0-rus-d</controlfield><datafield ind1=" " ind2=" " tag="040"><subfield code="a">IFIN-HH</subfield></datafield><datafield ind1=" " ind2=" " tag="041"><subfield code="a">rus</subfield></datafield><datafield ind1=" " ind2=" " tag="080"><subfield code="a">539.166</subfield></datafield><datafield ind1="1" ind2=" " tag="100"><subfield code="a">Kazana, Iu</subfield></datafield><datafield ind1="1" ind2="0" tag="245"><subfield code="a">Effekt messbauera</subfield><subfield code="c">Iu. kazana (red.)</subfield></datafield><datafield ind1=" " ind2=" " tag="260"><subfield code="a">Moskva</subfield><subfield code="b">Inostrannoi Literaturi</subfield><subfield code="c">1962</subfield></datafield><datafield ind1=" " ind2=" " tag="300"><subfield code="a">444P</subfield></datafield><datafield ind1=" " ind2=" " tag="852"><subfield code="a">8607</subfield><subfield code="c">539.17</subfield></datafield><datafield ind1=" " ind2=" " tag="CAT"><subfield code="a">Sys</subfield><subfield code="c">20120528</subfield><subfield code="h">162451</subfield></datafield></record></collection>